

@unpublished{CitekeyUnpublished,
  author = "Mohinder Suresh",
  title  = "Evolution: a revised theory",
  year   = 2006
}

@article{achiam2023gpt,
  title={Gpt-4 technical report},
  author={Achiam, Josh and Adler, Steven and Agarwal, Sandhini and Ahmad, Lama and Akkaya, Ilge and Aleman, Florencia Leoni and Almeida, Diogo and Altenschmidt, Janko and Altman, Sam and Anadkat, Shyamal},
  journal={arXiv preprint arXiv:2303.08774},
  year={2023}
}

@article{guo2025deepseek,
  title={Deepseek-r1: Incentivizing reasoning capability in llms via reinforcement learning},
  author={Guo, Daya and Yang, Dejian and Zhang, Haowei and Song, Junxiao and Zhang, Ruoyu and Xu, Runxin and Zhu, Qihao and Ma, Shirong and Wang, Peiyi and Bi, Xiao},
  journal={arXiv preprint arXiv:2501.12948},
  year={2025}
}

@article{lewis2019bart,
  title={Bart: Denoising sequence-to-sequence pre-training for natural language generation, translation, and comprehension},
  author={Lewis, Mike and Liu, Yinhan and Goyal, Naman and Ghazvininejad, Marjan and Mohamed, Abdelrahman and Levy, Omer and Stoyanov, Ves and Zettlemoyer, Luke},
  journal={arXiv preprint arXiv:1910.13461},
  year={2019}
}

@article{nijkamp2022codegen,
  title={Codegen: An open large language model for code with multi-turn program synthesis},
  author={Nijkamp, Erik and Pang, Bo and Hayashi, Hiroaki and Tu, Lifu and Wang, Huan and Zhou, Yingbo and Savarese, Silvio and Xiong, Caiming},
  journal={arXiv preprint arXiv:2203.13474},
  year={2022}
}

@article{chen2021evaluating,
  title={Evaluating large language models trained on code},
  author={Chen, Mark and Tworek, Jerry and Jun, Heewoo and Yuan, Qiming and Pinto, Henrique Ponde De Oliveira and Kaplan, Jared and Edwards, Harri and Burda, Yuri and Joseph, Nicholas and Brockman, Greg},
  journal={arXiv preprint arXiv:2107.03374},
  year={2021}
}

@inproceedings{liu2024information,
  title={Information retrieval meets large language models},
  author={Liu, Zheng and Zhou, Yujia and Zhu, Yutao and Lian, Jianxun and Li, Chaozhuo and Dou, Zhicheng and Lian, Defu and Nie, Jian-Yun},
  booktitle={Companion Proceedings of the ACM Web Conference 2024},
  pages={1586--1589},
  year={2024}
}

@article{khalifa2024using,
  title={Using artificial intelligence in academic writing and research: An essential productivity tool},
  author={Khalifa, Mohamed and Albadawy, Mona},
  journal={Computer Methods and Programs in Biomedicine Update},
  pages={100145},
  year={2024},
  publisher={Elsevier}
}

@article{prajapat2022comparative,
title={Comparative Study about Expansion of Digital Libraries in the Current Era and Existence of Traditional Library},
author={Prajapat, Vikash and Taru, Rupali Dilip and Atikur, MA},
journal={International Journal of Advances in Engineering and Management (IJAEM)},
volume={4},
number={6},
pages={1526--1533},
year={2022}
}

@article{aydin2021comparing,
title={Comparing University Libraries in Different Cities in Turkey with regards to Digitalisation and the Impact of the COVID-19 Pandemic.},
author={Aydin, Yahya},
journal={Information Society/Inform{\'a}ci{\'o}s T{\'a}rsadalom (InfTars)},
number={4},
year={2021}
}

@article{lagas2023challenges,
title={Challenges to Digital Services in Philippine Academic Libraries},
author={Lagas, Sammy and Isip, Jonathan},
journal={Philippine Journal of Librarianship and Information Studies},
volume={43},
number={1},
pages={27--38},
year={2023}
}

@article{prajapat2022comparative,
title={Comparative Study about Expansion of Digital Libraries in the Current Era and Existence of Traditional Library},
author={Prajapat, Vikash and Taru, Rupali Dilip and Atikur, MA},
journal={International Journal of Advances in Engineering and Management (IJAEM)},
volume={4},
number={6},
pages={1526--1533},
year={2022}
}

@article{setiyani2023increasing,
title={Increasing the effectiveness of higher education academic services through the implementation of the chatbot platform using the SVM machine learning algorithm},
author={Setiyani, Lila},
journal={Jurnal Pedagogi dan Pembelajaran},
volume={6},
number={2},
pages={231--237},
year={2023}
}

@article{aboelmaged2024conversational,
title={Conversational AI Chatbots in library research: An integrative review and future research agenda},
author={Aboelmaged, Mohamed and Bani-Melhem, Shaker and Ahmad Al-Hawari, Mohd and Ahmad, Ifzal},
journal={Journal of Librarianship and Information Science},
pages={09610006231224440},
year={2024},
publisher={SAGE Publications Sage UK: London, England}
}

@article{bommasani2021opportunities,
title={On the opportunities and risks of foundation models},
author={Bommasani, Rishi and Hudson, Drew A and Adeli, Ehsan and Altman, Russ and Arora, Simran and von Arx, Sydney and Bernstein, Michael S and Bohg, Jeannette and Bosselut, Antoine and Brunskill, Emma},
journal={arXiv preprint arXiv:2108.07258},
year={2021}
}

@phdthesis{strich2024improving,
title={Improving Large Language Models in Repository Level Programming Through Self-Alignment and Retrieval-Augmented Generation},
author={Strich, Jan},
year={2024},
school={Universit{\"a}t Hamburg}
}

@article{lewis2020retrieval,
title={Retrieval-augmented generation for knowledge-intensive nlp tasks},
author={Lewis, Patrick and Perez, Ethan and Piktus, Aleksandra and Petroni, Fabio and Karpukhin, Vladimir and Goyal, Naman and K{\"u}ttler, Heinrich and Lewis, Mike and Yih, Wen-tau and Rockt{\"a}schel, Tim},
journal={Advances in neural information processing systems},
volume={33},
pages={9459--9474},
year={2020}
}

@inproceedings{wang2024mememo,
title={MeMemo: On-device Retrieval Augmentation for Private and Personalized Text Generation},
author={Wang, Zijie J and Chau, Duen Horng},
booktitle={Proceedings of the 47th International ACM SIGIR Conference on Research and Development in Information Retrieval},
pages={2765--2770},
year={2024}
}

@inproceedings{huang2023retrieval,
title={Retrieval augmented generation with rich answer encoding},
author={Huang, Wenyu and Lapata, Mirella and Vougiouklis, Pavlos and Papasarantopoulos, Nikos and Pan, Jeff},
booktitle={Proceedings of the 13th International Joint Conference on Natural Language Processing and the 3rd Conference of the Asia-Pacific Chapter of the Association for Computational Linguistics (Volume 1: Long Papers)},
pages={1012--1025},
year={2023}
}


@inproceedings{sallam2023chatgpt,
title={ChatGPT utility in healthcare education, research, and practice: systematic review on the promising perspectives and valid concerns},
author={Sallam, Malik},
booktitle={Healthcare},
volume={11},
number={6},
pages={887},
year={2023},
organization={MDPI}
}

here start
@inproceedings{chow2023developing,
title={Developing an AI-assisted educational chatbot for radiotherapy using the IBM Watson assistant platform},
author={Chow, James CL and Wong, Valerie and Sanders, Leslie and Li, Kay},
booktitle={Healthcare},
volume={11},
number={17},
pages={2417},
year={2023},
organization={MDPI}
}


@misc{bozkurt2024genai,
title={GenAI et al. Cocreation, authorship, ownership, academic ethics and integrity in a time of generative AI},
author={Bozkurt, Aras},
journal={Open Praxis},
volume={16},
number={1},
pages={1--10},
year={2024},
publisher={International Council for Open and Distance Education Oslo, Norway}
}

@article{klang2024advancing,
title={Advancing radiology practice and research: harnessing the potential of large language models amidst imperfections},
author={Klang, Eyal and Alper, Lee and Sorin, Vera and Barash, Yiftach and Nadkarni, Girish N and Zimlichman, Eyal},
journal={BJR| Open},
volume={6},
number={1},
pages={tzae022},
year={2024},
publisher={Oxford University Press}
}

@article{ramirez2024natural,
title={Natural language processing advancements: Breaking barriers in human-computer interaction},
author={Ram{\'\i}rez, Jos{\'e} Gabriel Carrasco},
journal={Journal of Artificial Intelligence General science (JAIGS) ISSN: 3006-4023},
volume={3},
number={1},
pages={31--39},
year={2024}
}


@article{mahboub2024evaluation,
title={Evaluation of semantic search and its role in retrieved-augmented-generation (rag) for arabic language},
author={Mahboub, Ali and Za'ter, Muhy Eddin and Al-Rfooh, Bashar and Estaitia, Yazan and Jaljuli, Adnan and Hakouz, Asma},
journal={arXiv preprint arXiv:2403.18350},
year={2024}
}

